%% This BibTeX bibliography file was created using BibDesk.
%% https://bibdesk.sourceforge.io/

%% Created for Thibault CHAUSSON at 2022-09-21 22:17:24 +0200 


%% Saved with string encoding Unicode (UTF-8) 

@misc{imageNet,
    title = {\emph{ImageNet Object Localization Challenge}},
    howpublished = {\url{https://www.kaggle.com/c/imagenet-object-localization-challenge} consult\'e le 15 mai 2023}}

@misc{wikibaseintegrator,
    title = {\emph{wikibaseintegrator}},
    howpublished = {\url{https://pypi.org/project/wikibaseintegrator/0.11.2/} consult\'e le 15 mai 2023}}

@misc{protege,
    title = {\emph{Protégé}},
    howpublished = {\url{https://protege.stanford.edu} consult\'e le 10 avril 2023}}